<?xml version="1.0"?>
<marc:records xmlns:marc="http://www.loc.gov/MARC21/slim" xmlns:xsi="http://www.w3.org/2001/XMLSchema-instance" xsi:schemaLocation="http://www.loc.gov/MARC21/slim http://www.loc.gov/standards/marcxml/schema/MARC21slim.xsd">
  <marc:record>
    <marc:leader>05262nam a2200649Ia 4500</marc:leader>
    <marc:controlfield tag="001">9977621353003681</marc:controlfield>
    <marc:controlfield tag="005">20191212115736.0</marc:controlfield>
    <marc:controlfield tag="008">191212s1693    xx a          000 0 ara d</marc:controlfield>
    <marc:datafield ind1=" " ind2=" " tag="035">
  <marc:subfield code="a">(OCoLC)1130589696</marc:subfield>
</marc:datafield>
    <marc:datafield ind1=" " ind2=" " tag="035">
  <marc:subfield code="a">(OCoLC)on1130589696</marc:subfield>
</marc:datafield>
    <marc:datafield ind1=" " ind2=" " tag="040">
  <marc:subfield code="a">PAU</marc:subfield>
  <marc:subfield code="b">eng</marc:subfield>
  <marc:subfield code="c">PAU</marc:subfield>
  <marc:subfield code="e">amremm</marc:subfield>
</marc:datafield>
    <marc:datafield ind1=" " ind2="9" tag="099">
  <marc:subfield code="a">CAJS Rar Ms 153</marc:subfield>
</marc:datafield>
    <marc:datafield ind1="1" ind2=" " tag="100">
  <marc:subfield code="6">880-01</marc:subfield>
  <marc:subfield code="a">Qut&#x323;b al-Tah&#x323;ta&#x304;ni&#x304;, Muh&#x323;ammad ibn Muh&#x323;ammad,</marc:subfield>
  <marc:subfield code="d">1294 or 1295-1364 or 1365.</marc:subfield>
</marc:datafield>
    <marc:datafield ind1="1" ind2="0" tag="240">
  <marc:subfield code="6">880-02</marc:subfield>
  <marc:subfield code="a">Sharh&#x323; al-Shamsi&#x304;yah</marc:subfield>
</marc:datafield>
    <marc:datafield ind1="1" ind2="0" tag="245">
  <marc:subfield code="6">880-03</marc:subfield>
  <marc:subfield code="a">Tah&#x323;ri&#x304;r al-qawa&#x304;&#x2BB;id al-mant&#x323;iqi&#x304;yah fi&#x304; sharh&#x323; al-Risa&#x304;lah al-shamsi&#x304;yah.</marc:subfield>
</marc:datafield>
    <marc:datafield ind1=" " ind2=" " tag="260">
  <marc:subfield code="c">1105 A.H. (1693)</marc:subfield>
</marc:datafield>
    <marc:datafield ind1=" " ind2=" " tag="300">
  <marc:subfield code="a">129, i leaves :</marc:subfield>
  <marc:subfield code="b">paper, illustrations ;</marc:subfield>
  <marc:subfield code="c">217 x 156 (140 x 80) mm bound to 218 x 159 mm.</marc:subfield>
</marc:datafield>
    <marc:datafield ind1=" " ind2=" " tag="500">
  <marc:subfield code="a">Title from introduction (f. 2r).</marc:subfield>
</marc:datafield>
    <marc:datafield ind1=" " ind2=" " tag="500">
  <marc:subfield code="a">Foliation: Modern foliation added in pencil, upper center recto; catchwords every verso, lower left.</marc:subfield>
</marc:datafield>
    <marc:datafield ind1=" " ind2=" " tag="500">
  <marc:subfield code="a">Layout: Chiefly written in 15 long lines, some pages have all words in the top and bottom line written at an angle; extensive marginalia.</marc:subfield>
</marc:datafield>
    <marc:datafield ind1=" " ind2=" " tag="500">
  <marc:subfield code="a">Script: Written in naskh with elements of nasta&#x2BB;li&#x304;q in black ink; pointed.</marc:subfield>
</marc:datafield>
    <marc:datafield ind1=" " ind2=" " tag="500">
  <marc:subfield code="a">Decoration: Simple header design (f. 1v); rubrications in red; tables in red and black (f. 106r, 108v-109r, 111r-112r).</marc:subfield>
</marc:datafield>
    <marc:datafield ind1=" " ind2=" " tag="500">
  <marc:subfield code="a">Binding: Bound in light brown leather, no decoration.</marc:subfield>
</marc:datafield>
    <marc:datafield ind1=" " ind2=" " tag="500">
  <marc:subfield code="a">Origin: The copy was completed in 1105 A.H. (1693) by Ibra&#x304;hi&#x304;m ibn Mulla&#x304; Jundi&#x304; (f. 121v).</marc:subfield>
</marc:datafield>
    <marc:datafield ind1=" " ind2=" " tag="500">
  <marc:subfield code="a">Birth note (f. 127v); partially effaced stamp (f. 126v); owner's note dated 1320 A.H. (f. [128]v); owner's notes dated 1281 A.H. (f. 125v, [128]v); loose leaf page of notes laid in.</marc:subfield>
</marc:datafield>
    <marc:datafield ind1=" " ind2=" " tag="520">
  <marc:subfield code="a">Commentary by Qut&#x323;b al-Tah&#x323;ta&#x304;ni&#x304; on al-Qazwi&#x304;ni&#x304;'s Risa&#x304;lah al-shamsi&#x304;yah, a work on logic; the first leaf is adhered to the front board; pen tests and notations on last leaves.</marc:subfield>
</marc:datafield>
    <marc:datafield ind1=" " ind2=" " tag="524">
  <marc:subfield code="a">CAJS Rar Ms 153</marc:subfield>
</marc:datafield>
    <marc:datafield ind1="1" ind2=" " tag="541">
  <marc:subfield code="a">Gift of Mayer Sulzberger to the library of the Dropsie College for Hebrew and Cognate Learning (note on library bookplate, inside front cover).</marc:subfield>
</marc:datafield>
    <marc:datafield ind1=" " ind2=" " tag="546">
  <marc:subfield code="a">Arabic.</marc:subfield>
</marc:datafield>
    <marc:datafield ind1="1" ind2=" " tag="561">
  <marc:subfield code="a">Formerly owned by Muh&#x323;ammad Ami&#x304;n ibn &#x2BB;Abd al-Rah&#x323;ma&#x304;n in 1281 A.H. (1864 or 1865) (notes in ink, f. 125v, and twice on [128]v).</marc:subfield>
</marc:datafield>
    <marc:datafield ind1="1" ind2=" " tag="561">
  <marc:subfield code="a">Formerly owned by the Dropsie College for Hebrew and Cognate Learning (note on library bookplate, inside front cover).</marc:subfield>
</marc:datafield>
    <marc:datafield ind1="1" ind2="0" tag="600">
  <marc:subfield code="6">880-04</marc:subfield>
  <marc:subfield code="a">Qazwi&#x304;ni&#x304;, &#x2BB;Ali&#x304; ibn &#x2BB;Umar,</marc:subfield>
  <marc:subfield code="d">1203 or 1204-1276 or 1277.</marc:subfield>
  <marc:subfield code="t">Shamsi&#x304;yah.</marc:subfield>
</marc:datafield>
    <marc:datafield ind1=" " ind2="0" tag="650">
  <marc:subfield code="a">Islamic philosophy</marc:subfield>
  <marc:subfield code="v">Early works to 1800.</marc:subfield>
</marc:datafield>
    <marc:datafield ind1=" " ind2="0" tag="650">
  <marc:subfield code="a">Logic</marc:subfield>
  <marc:subfield code="v">Early works to 1800.</marc:subfield>
</marc:datafield>
    <marc:datafield ind1=" " ind2="0" tag="655">
  <marc:subfield code="a">Manuscripts, Arabic.</marc:subfield>
</marc:datafield>
    <marc:datafield ind1=" " ind2="0" tag="655">
  <marc:subfield code="a">Manuscripts, 17th century.</marc:subfield>
</marc:datafield>
    <marc:datafield ind1=" " ind2="7" tag="655">
  <marc:subfield code="a">Codices (bound manuscripts)</marc:subfield>
  <marc:subfield code="2">aat</marc:subfield>
</marc:datafield>
    <marc:datafield ind1=" " ind2="7" tag="655">
  <marc:subfield code="a">Commentaries.</marc:subfield>
  <marc:subfield code="2">aat</marc:subfield>
</marc:datafield>
    <marc:datafield ind1=" " ind2="7" tag="655">
  <marc:subfield code="a">Tables (documents)</marc:subfield>
  <marc:subfield code="2">aat</marc:subfield>
</marc:datafield>
    <marc:datafield ind1=" " ind2="7" tag="655">
  <marc:subfield code="a">Annotations (Provenance)</marc:subfield>
  <marc:subfield code="2">rbprov</marc:subfield>
</marc:datafield>
    <marc:datafield ind1=" " ind2="7" tag="655">
  <marc:subfield code="a">Notes (documents)</marc:subfield>
  <marc:subfield code="2">aat</marc:subfield>
</marc:datafield>
    <marc:datafield ind1=" " ind2="7" tag="655">
  <marc:subfield code="a">Stamps (Provenance)</marc:subfield>
  <marc:subfield code="2">rbprov</marc:subfield>
</marc:datafield>
    <marc:datafield ind1="1" ind2="2" tag="700">
  <marc:subfield code="6">880-05</marc:subfield>
  <marc:subfield code="a">Qazwi&#x304;ni&#x304;, &#x2BB;Ali&#x304; ibn &#x2BB;Umar,</marc:subfield>
  <marc:subfield code="d">1203 or 1204-1276 or 1277.</marc:subfield>
  <marc:subfield code="t">Shamsi&#x304;yah.</marc:subfield>
</marc:datafield>
    <marc:datafield ind1="0" ind2=" " tag="700">
  <marc:subfield code="6">880-06</marc:subfield>
  <marc:subfield code="a">Ibra&#x304;hi&#x304;m ibn Mulla&#x304; Jundi&#x304;,</marc:subfield>
  <marc:subfield code="d">active 1693,</marc:subfield>
  <marc:subfield code="e">scribe.</marc:subfield>
</marc:datafield>
    <marc:datafield ind1="1" ind2=" " tag="700">
  <marc:subfield code="a">Sulzberger, Mayer,</marc:subfield>
  <marc:subfield code="d">1843-1923,</marc:subfield>
  <marc:subfield code="e">former owner.</marc:subfield>
</marc:datafield>
    <marc:datafield ind1="2" ind2=" " tag="710">
  <marc:subfield code="a">Dropsie College for Hebrew and Cognate Learning,</marc:subfield>
  <marc:subfield code="e">former owner.</marc:subfield>
</marc:datafield>
    <marc:datafield ind1=" " ind2=" " tag="852">
  <marc:subfield code="b">Library at the Herbert D. Katz Center for Advanced Judaic Studies</marc:subfield>
  <marc:subfield code="a">University of Pennsylvania</marc:subfield>
  <marc:subfield code="e">420 Walnut Street, Philadelphia, Pennsylvania 19106-3703</marc:subfield>
  <marc:subfield code="j">CAJS Rar Ms 153</marc:subfield>
</marc:datafield>
    <marc:datafield ind1="4" ind2="1" tag="856">
  <marc:subfield code="z">Digital facsimile in OPenn</marc:subfield>
  <marc:subfield code="u">http://openn.library.upenn.edu/Data/0002/html/cajs_rarms153.html</marc:subfield>
</marc:datafield>
    <marc:datafield ind1="1" ind2=" " tag="880">
  <marc:subfield code="6">100-01//r</marc:subfield>
  <marc:subfield code="a">&#x642;&#x637;&#x628; &#x627;&#x644;&#x62A;&#x62D;&#x62A;&#x627;&#x646;&#x64A;&#x60C; &#x645;&#x62D;&#x645;&#x62F; &#x628;&#x646; &#x645;&#x62D;&#x645;&#x62F;&#x60C;</marc:subfield>
  <marc:subfield code="d">1294 &#x623;&#x648; 1295-1364 &#x623;&#x648; 1365.</marc:subfield>
</marc:datafield>
    <marc:datafield ind1="1" ind2="0" tag="880">
  <marc:subfield code="6">240-02//r</marc:subfield>
  <marc:subfield code="a">&#x634;&#x631;&#x62D; &#x627;&#x644;&#x634;&#x645;&#x633;&#x64A;&#x629;</marc:subfield>
</marc:datafield>
    <marc:datafield ind1="1" ind2="0" tag="880">
  <marc:subfield code="6">245-03//r</marc:subfield>
  <marc:subfield code="a">&#x62A;&#x62D;&#x631;&#x64A;&#x631; &#x627;&#x644;&#x642;&#x648;&#x627;&#x639;&#x62F; &#x627;&#x644;&#x645;&#x646;&#x637;&#x642;&#x64A;&#x629; &#x641;&#x64A; &#x634;&#x631;&#x62D; &#x627;&#x644;&#x631;&#x633;&#x627;&#x644;&#x629; &#x627;&#x644;&#x634;&#x645;&#x633;&#x64A;&#x629;.</marc:subfield>
</marc:datafield>
    <marc:datafield ind1="1" ind2="4" tag="880">
  <marc:subfield code="6">600-04//r</marc:subfield>
  <marc:subfield code="a">&#x642;&#x632;&#x648;&#x64A;&#x646;&#x64A;&#x60C; &#x639;&#x644;&#x64A; &#x628;&#x646; &#x639;&#x645;&#x631;&#x60C;</marc:subfield>
  <marc:subfield code="d">1203 or 1204-1276 or 1277.</marc:subfield>
  <marc:subfield code="t">&#x634;&#x645;&#x633;&#x64A;&#x629;.</marc:subfield>
</marc:datafield>
    <marc:datafield ind1="1" ind2="2" tag="880">
  <marc:subfield code="6">700-05//r</marc:subfield>
  <marc:subfield code="a">&#x642;&#x632;&#x648;&#x64A;&#x646;&#x64A;&#x60C; &#x639;&#x644;&#x64A; &#x628;&#x646; &#x639;&#x645;&#x631;&#x60C;</marc:subfield>
  <marc:subfield code="d">1203 or 1204-1276 or 1277.</marc:subfield>
  <marc:subfield code="t">&#x634;&#x645;&#x633;&#x64A;&#x629;.</marc:subfield>
</marc:datafield>
    <marc:datafield ind1="0" ind2=" " tag="880">
  <marc:subfield code="6">700-06//r</marc:subfield>
  <marc:subfield code="a">&#x627;&#x628;&#x631;&#x627;&#x647;&#x64A;&#x645; &#x628;&#x646; &#x645;&#x644;&#x627; &#x62C;&#x646;&#x62F;&#x64A;&#x60C;</marc:subfield>
  <marc:subfield code="d">active 1693&#x60C;</marc:subfield>
  <marc:subfield code="e">scribe.</marc:subfield>
</marc:datafield>
    <marc:datafield ind1=" " ind2=" " tag="948">
  <marc:subfield code="h">HELD BY PAU - 0 OTHER HOLDINGS</marc:subfield>
</marc:datafield>
    <marc:datafield ind1=" " ind2=" " tag="994">
  <marc:subfield code="a">Z0</marc:subfield>
  <marc:subfield code="b">PAU</marc:subfield>
</marc:datafield>
    <marc:datafield ind1=" " ind2=" " tag="996">
  <marc:subfield code="a">hinge-right</marc:subfield>
</marc:datafield>
    <marc:holdings>
      <marc:holding>
        <marc:holding_id>22604669780003681</marc:holding_id>
        <marc:call_number>CAJS Rar Ms 153</marc:call_number>
        <marc:library>KatzLib</marc:library>
        <marc:location>cjsrarms</marc:location>
      </marc:holding>
    </marc:holdings>
  </marc:record>
</marc:records>
